<?xml version="1.0" encoding="UTF-8"?><record xmlns="http://www.loc.gov/MARC21/slim" xmlns:cinclude="http://apache.org/cocoon/include/1.0" xmlns:zs="http://www.loc.gov/zing/srw/">
  <leader>00508nz  a2200157n  4500</leader>
  <controlfield tag="001">ns2012002842</controlfield>
  <controlfield tag="003">DLC</controlfield>
  <controlfield tag="005">20120702135950.0</controlfield>
  <controlfield tag="008">120629n| acannaabn          |a aaa     c</controlfield>
  <datafield tag="010" ind1=" " ind2=" ">
    <subfield code="a">ns2012002842</subfield>
  </datafield>
  <datafield tag="035" ind1=" " ind2=" ">
    <subfield code="a">(CaEvSKY)skya9951904</subfield>
  </datafield>
  <datafield tag="040" ind1=" " ind2=" ">
    <subfield code="a">ScRhW</subfield>
    <subfield code="b">eng</subfield>
    <subfield code="c">ScRhW</subfield>
  </datafield>
  <datafield tag="100" ind1="1" ind2=" ">
    <subfield code="a">Mead Weiss, Deirdre</subfield>
  </datafield>
  <datafield tag="400" ind1="1" ind2=" ">
    <subfield code="a">Weiss, Deirdre Mead</subfield>
  </datafield>
  <datafield tag="670" ind1=" " ind2=" ">
    <subfield code="a">Advancing community policing through community governance [ER], 2009:</subfield>
    <subfield code="b">cover (Deirdre Mead Weiss)</subfield>
  </datafield>
  <datafield tag="675" ind1=" " ind2=" ">
    <subfield code="a">Library of Congress Online Catalog, Viewed June 22, 2012</subfield>
  </datafield>
</record>